% This file was created with JabRef 2.4.2.
% Encoding: UTF-8

@ONLINE{Ven::BTU,
  title  = {Beamerthemeua},
  author = {Ven, Kris},
  url    = {http://www.ua.ac.be/main.aspx?c=kris.ven&n=62858}
}

@ONLINE{KAN::,
  title = {Kleuren},
  author = {{KAN} Design},
  url = {http://www1.kandesign.com/emc.asp?pageId=2714}
}

@ONLINE{GitHub:2011:uabeamer,
  title = {ua-beamer home at GitHub},
  author = {Nico Schl\"omer},
  year = {2011},
  url = {https://github.com/nschloe/ua-beamer}
}

@ONLINE{Tantau:2008:LBC,
  title = {The \LaTeX{} Beamer Class},
  author = {Tantau, Till},
  month = feb,
  year = {2008},
  url = {http://sourceforge.net/projects/latex-beamer/}
}

@ONLINE{Miletic:2010:LBC,
  title = {\LaTeX{} Beamer Class},
  author = {Mileti\'c, Vedran},
  month = aug,
  year = {2010},
  url = {https://bitbucket.org/rivanvx/beamer/wiki/Home}
}

@MANUAL{TWM:2010:BCU,
  title = {The beamer class. User Guide for version 3.10.},
  author = {Tantau, Till and Wright, Joseph and Mileti\'c, Vedran},
  month = jul,
  year = {2010},
  url = {http://www.ctan.org/tex-archive/macros/latex/contrib/beamer/doc/beameruserguide.pdf}
}

@ONLINE{::TDC,
  title = {Table de couleurs: {PMS} {CMYK} {HEX}},
  url = {http://www.zedimage.com/pms-cmyk-hex.php}
}

@ONLINE{Underware::ATI,
  title = {{Auto}, a triple-italic sans serif},
  author = {Underware},
  url = {http://www.underware.nl/site2/index.php?id1=auto&id2=overview}
}

@ONLINE{KAN::T,
  title = {Typografie},
  author = {{KAN} Design},
  url = {http://www1.kandesign.com/emc.asp?pageId=2715}
}

@ONLINE{Rakityansky::TTF,
  title = {Using TrueType fonts with TeX (LaTeX) and pdfTeX (pdfLaTeX)},
  author = {Rakityansky, Damir},
  url = {http://www.radamir.com/tex/ttf-tex.htm}
}
