@article{key,
	author = {},
	title = {{}},
	journal = {},
	volume = ,
	issue = ,
	pages = {},	
	doi = {},
	year = }

@CONFERENCE{,	
	title = {{}},	
	author = {},	
	booktitle = {},
	venue = {},	
	organization = {},
	location = {},	
	eventdate = {0000-00-00},	
	doi = {},
	url = {},
	year = }

@misc{,
	author = {},
	title  = {},
	howpublished = "\url{}",
	year = }

@book{key,
	author = {},
	title = {{}},
	publisher = {},
	isbn = {},
	edition = {},
	pagetotal = ,
	year = }

