
@article{Lemenkova2008b,
	 author = {Hans Werner Schenke and Polina Lemenkova},
	 title = {{Zur Frage der Meeresboden-Kartographie: Die Nutzung von AutoTrace Digitizer f\"{u}r die Vektorisierung der Bathymetrischen Daten in der Petschora-See}},
	 journal = {Hydrographische Nachrichten},
	 volume = 25, 
	 number = 81,
	 pages = {16--21},
	 language = {german},
	 langid = {english},
	 issn = {0934-7747},
	 doi = {10.6084/m9.figshare.7435538.v2},	 month = 6,
	 year = 2008}	
	
@thesis{Lemenkova2007b,
	title = {{Using ArcGIS in Teaching Geosciences}},
	author = {Polina Lemenkova},
	school = {Lomonosov Moscow State University, Faculty of Educational Studies},
	editor = {Inna Suetova},
	address = {Moscow, Russia},
	pagetotal = 58,
	doi = {10.13140/RG.2.2.12357.70885},
	url = {https://thesiscommons.org/nmjgz},
	type = {B.Sc. Thesis},
	language = {russian},
	langid = {english},
	date = {2007-06-05},
	year= 2007}

@report{Lemenkova2006a,
	author = {Karsten Gohl and Gabriele Uenzelmann-Neben and Graeme Eagles and Fahl, A. and Thomas Feigl and Jan Grobys and Julia Just and Volker Leinweber and Lensch, N. and Mayr, C. and Parsiegla, N. and Rackebrandt, N. and Schloter, P. and Suckro, S. and Zimmermann, K. and Steffen Gauger and Bohlmann, H. and Gesa Luise Netzeband and Polina Lemenkova},
	options = {maxnames=99},
    	 title = {{Crustal and Sedimentary Structures and Geodynamic Evolution of the West Antarctic Continental Margin and Pine Island Bay}},
        	 howpublished = {Alfred Wegener Institute},
	 address = {Bremerhaven, Germany},
	 doi = {10.13140/RG.2.2.16473.36961},
	 doi+an = {=openaccess},
	 url = {https://epic.Alfred Wegener Institute.de/29852/1/PE_75.pdf},
	 keywords = {report},
	 language = {english},
	 langid = {english},
	 year = 2006}

@report{Lemenkova2006b,
	author = {Kuhn, G. and Hass, C. and Kober, M. and Petitat, M. and Feigl, T. and Hillenbrand, C. D. and Kruger, S. and Forwick, M. and Gauger, S. and Lemenkova, P.},
	 options = {maxnames=99},
    	 title = {{The response of quaternary climatic cycles in the South-East Pacific: development of the opal belt and dynamics behavior of the West Antarctic ice sheet}},
        	 howpublished = {Alfred Wegener Institute},
	 address = {Bremerhaven, Germany},
	 doi = {10.13140/RG.2.2.11468.87687},
	 url = {https://epic.Alfred Wegener Institute.de/29852/1/PE_75.pdf},
	 keywords = {report},
	 language = {english},
	 langid = {english},
	 year = 2006}

@inproceedings{Lemenkova2006e,
	 author = {Gohl, K. and Eagles, G. and Udintsev, G. B. and Larter, R. D. and Uenzelmann-Neben, G. and Schenke, H. W. and Lemenkova, P. and Grobys, J. and Parsiegla, N. and Schlueter, P. and Deen, T. and Kuhn, G. and Hillenbrand, C. D.},
	 title = {{Tectonic and Sedimentary Processes of the West Antarctic Margin of the Amundsen Sea Embayment and Pine Island Bay}},
	 booktitle = {{\nth{2} Open Science Conference \nth{29} SCAR on 'Antarctica in the Earth System'}},
	 location = {Hobart, Tasmania, Australia},
	 eventdate = {2006-07-12/2006-07-14},
	 options = {maxnames=99},
	 doi = {10.6084/m9.figshare.7435484.v1},
	 url = {https://www.scar.org/events/},
	 language = {english},
	 langid = {english},
	 year = 2006}
	
@inproceedings{Lemenkova2005b1,
	author = {Inna Suetova and Ludmila Ushakova and Polina Lemenkova},
	title = {{Geoecological Mapping of the Barents Sea Using GIS}},
	booktitle = {Digital Cartography \& GIS for Sustainable Development of Territories},
	booktitleaddon = {Proceedings of the International Cartographic Conference},
	howpublished = {Session 4 'Land Management (3)'},
	eventtitleaddon = {ICC},
	eventdate = {2005-07-09/2005-07-16},
	location = {La Coru{\~n}a, Espa{\~n}a},
	keywords = {inproceedings},
	doi = {10.6084/m9.figshare.7435529},
	url = {https://icaci.org/icc2005/},
	language = {english},
	langid = {english},
	year = 2005}
		
@article{Lemenkova2005a,
	author = {Inna Suetova and Ludmila Ushakova and Polina Lemenkova},
	title = {{Geoinformation mapping of the Barents and Pechora Seas}},
	journal = {Geography and Natural Resources}, 
	volume = 4,
	publisher = {Siberian Branch RAS},
	editor = {Snytko, V. A.},
	address = {Novosibirsk},
	pages = {138--142},
	issn = {1875-3728},
	doi = {10.6084/m9.figshare.7435535},
	url = {http://www.izdatgeo.ru/journal.php?action=output&id=3&lang_num=2&id_dop=68},	language = {english},
	langid = {english},
	keywords = {article},
	month = 12,
	year = 2005}	

@thesis{Lemenkova2004a,
	author = {Polina Lemenkova},
	title = {{Geoecological Mapping of the Barents and Pechora Seas}},
	school = {Lomonosov Moscow State University, Faculty of Geography, Department of Cartography and Geoinformatics},
	address = {Moscow, Russia},
	editor = {Inna Suetova and Ludmila Ushakova},
	pagetotal = 78,
	type = {B.Sc. Thesis},
	keywords = {thesis},
	doi = {10.13140/RG.2.2.25360.05122},
	url = {https://thesiscommons.org/bvwcr},
	language = {russian},
	langid = {english},
	date = {2004-05-18},
	year = 2004}

@misc{Lemenkova2002b,
	title = {{Ecological and Geographical Mapping of the Baltic Sea Region in the Gulf of Finland}},
	author = {Polina Lemenkova},
	doi = {10.6084/m9.figshare.7294661},
	doi+an = {=openaccess},
	pagetotal = 27,
	url = {https://zenodo.org/record/2574447},
	addendum = {Term Paper},
	organization = {Lomonosov Moscow State University},
	location = {Moscow, Russia},
	keywords = {student},
	language = {russian},
	langid = {english},
	date = {2002-03-30}}