% This file was created with JabRef 2.4.2.
% Encoding: UTF-8

@ONLINE{Ven::BTU,
  title  = {Beamerthemeua},
  author = {Ven, Kris},
  url    = {http://www.ua.ac.be/main.aspx?c=kris.ven&n=62858}
}

@ONLINE{KAN::,
  title = {Kleuren},
  author = {{KAN} Design},
  url = {http://www1.kandesign.com/emc.asp?pageId=2743}
}

@ONLINE{Schloemer:2009:website,
  title = {Personal homepage},
  author = {Nico Schl\"omer},
  year = {2009},
  url = {http://www.win.ua.ac.be/~nschloe/}
}

@ONLINE{Tantau:2008:LBC,
  title = {The \LaTeX{} Beamer Class},
  author = {Tantau, Till},
  month = feb,
  year = {2008},
  url = {http://sourceforge.net/projects/latex-beamer/}
}

@MANUAL{Tantau:2007:UGB,
  title = {User Guide to the Beamer Class, Version 3.07},
  author = {Tantau, Till},
  month = mar,
  year = {2007},
  url = {http://www.ctan.org/tex-archive/macros/latex/contrib/beamer/doc/beameruserguide.pdf}
}

@ONLINE{::TDC,
  title = {Table de couleurs: {PMS} {CMYK} {HEX}},
  url = {http://www.zedimage.com/pms-cmyk-hex.php}
}

@ONLINE{Underware::ATI,
  title = {{Auto}, a triple-italic sans serif},
  author = {Underware},
  url = {http://www.underware.nl/site2/index.php?id1=auto&id2=overview}
}

@ONLINE{KAN::T,
  title = {Typografie},
  author = {{KAN} Design},
  url = {http://www1.kandesign.com/emc.asp?pageId=2744}
}

@ONLINE{Rakityansky::TTF,
  title = {Using TrueType fonts with TeX (LaTeX) and pdfTeX (pdfLaTeX)},
  author = {Rakityansky, Damir},
  url = {http://www.radamir.com/tex/ttf-tex.htm}
}

@ONLINE{Schloemer:2009:A1F,
  title = {Auto 1 font for LaTeX},
  author = {Schl\"omer, Nico},
  url = {http://www.win.ua.ac.be/~nschloe/content/auto-1-font-latex/}
}